@Article{Weiss:1976,
  author = 	 {George H. Weiss},
  title = 	 {The two-state random walk},
  journal = 	 {Journal of Statistical Physics},
  year = 	 1976,
  volume = 	 15,
  number = 	 2,
  pages = 	 {157--165}}

